<record><leader>00000cas a2200000 a 4500</leader><controlfield tag="001">11168511</controlfield><controlfield tag="008">840918d1866187ukyuwr ne      0    0eng d</controlfield><datafield ind1=" " ind2=" " tag="010"><subfield code="a">sn 84027459 </subfield></datafield><datafield ind1=" " ind2=" " tag="040"><subfield code="a">NPU</subfield><subfield code="b">eng</subfield><subfield code="c">NPU</subfield><subfield code="d">KNP</subfield><subfield code="d">OCL</subfield><subfield code="d">OCLCQ</subfield></datafield><datafield ind1=" " ind2=" " tag="042"><subfield code="a">msc</subfield></datafield><datafield ind1="0" ind2="4" tag="245"><subfield code="a">The Hopkinsville conservative.</subfield></datafield><datafield ind1=" " ind2=" " tag="260"><subfield code="a">Hopkinsville, Ky. :</subfield><subfield code="b">J.M. Dodd</subfield></datafield><datafield ind1=" " ind2=" " tag="300"><subfield code="a">v.</subfield></datafield><datafield ind1=" " ind2=" " tag="310"><subfield code="a">Weekly</subfield></datafield><datafield ind1="1" ind2=" " tag="362"><subfield code="a">Began in 1866.</subfield><subfield code="z">Cf. Rowell, 1873.</subfield></datafield><datafield ind1=" " ind2=" " tag="500"><subfield code="a">"Official paper of County and City."</subfield></datafield><datafield ind1=" " ind2=" " tag="588"><subfield code="a">Description based on: Vol. 4, no. 28 (July 24, 1869).</subfield></datafield><datafield ind1=" " ind2="4" tag="651"><subfield code="a">Christian County (Ky.)</subfield><subfield code="v">Newspapers.</subfield></datafield><datafield ind1=" " ind2="4" tag="651"><subfield code="a">Hopkinsville (Ky.)</subfield><subfield code="v">Newspapers.</subfield></datafield><datafield ind1=" " ind2=" " tag="752"><subfield code="a">United States</subfield><subfield code="b">Kentucky</subfield><subfield code="c">Christian</subfield><subfield code="d">Hopkinsville.</subfield></datafield><datafield ind1="0" ind2="0" tag="785"><subfield code="t">Hopkinsville democrat (Hopkinsville, Ky. : 1876)</subfield><subfield code="w">(DLC)sn 84037897</subfield></datafield><datafield ind1="1" ind2=" " tag="029"><subfield code="a">AU@</subfield><subfield code="b">000020457855</subfield></datafield></record>